<?xml version="1.0" encoding="UTF-8"?><collection xmlns="http://www.loc.gov/MARC21/slim"><record><leader>00441nam--2200133-i-4500</leader><controlfield tag="001">000024585</controlfield><controlfield tag="002">20161230</controlfield><controlfield tag="005">20161230201035</controlfield><controlfield tag="008">060222s1000------------r-----000-0-eng-d</controlfield><datafield ind1=" " ind2=" " tag="080"><subfield code="a">621.375.826(043)</subfield></datafield><datafield ind1=" " ind2=" " tag="100"><subfield code="a">Ionita-manzatu, Vasile</subfield></datafield><datafield ind1=" " ind2=" " tag="245"><subfield code="a">Contributii la studiul emisiei stimulate in continuu pentru cristalul de grenat de ytriu si aluminiu dopat cu necodimiu.teza de doctorat</subfield></datafield><datafield ind1=" " ind2=" " tag="260"><subfield code="a">Bucuresti,I.F.A., 1987. 150p</subfield></datafield><datafield ind1=" " ind2=" " tag="852"><subfield code="a">74142</subfield></datafield></record></collection>